<record><leader>00000cas a22000007a 4500</leader><controlfield tag="001">25027651</controlfield><controlfield tag="008">911228c19919999waumr ne      0    0eng d</controlfield><datafield ind1=" " ind2=" " tag="010"><subfield code="a">sn 94050955 </subfield></datafield><datafield ind1=" " ind2=" " tag="040"><subfield code="a">WIH</subfield><subfield code="b">eng</subfield><subfield code="c">WIH</subfield><subfield code="d">ANU</subfield><subfield code="d">OCLCQ</subfield><subfield code="d">OCLCF</subfield><subfield code="d">OCLCO</subfield></datafield><datafield ind1="1" ind2=" " tag="029"><subfield code="a">AU@</subfield><subfield code="b">000025858311</subfield></datafield><datafield ind1=" " ind2=" " tag="037"><subfield code="b">South Puget Intertribal Planning Agency, West 83, Highway 108, Shelton WA 98584</subfield></datafield><datafield ind1=" " ind2=" " tag="042"><subfield code="a">msc</subfield></datafield><datafield ind1=" " ind2=" " tag="043"><subfield code="a">n-us-wa</subfield></datafield><datafield ind1="0" ind2="0" tag="245"><subfield code="a">South Puget Intertribal Planning Agency.</subfield></datafield><datafield ind1="3" ind2="0" tag="246"><subfield code="a">S.P.I.P.A. news</subfield></datafield><datafield ind1="3" ind2="0" tag="246"><subfield code="a">SPIPA intertribal news</subfield></datafield><datafield ind1="1" ind2="7" tag="246"><subfield code="a">South Puget Intertribal Planning Agency newsletter</subfield></datafield><datafield ind1=" " ind2=" " tag="260"><subfield code="a">Shelton, WA :</subfield><subfield code="b">South Puget Intertribal Planning Agency</subfield></datafield><datafield ind1=" " ind2=" " tag="300"><subfield code="a">v. :</subfield><subfield code="b">ill.</subfield></datafield><datafield ind1=" " ind2=" " tag="310"><subfield code="a">Monthly</subfield></datafield><datafield ind1="0" ind2=" " tag="362"><subfield code="a">Vol. 1, no. 1 (Mar. 1991)-</subfield></datafield><datafield ind1=" " ind2=" " tag="500"><subfield code="a">Published as: S.P.I.P.A. news, May-July 1991, and as: SPIPA intertribal news, Aug. 1991-</subfield></datafield><datafield ind1=" " ind2=" " tag="500"><subfield code="a">"South Puget Intertribal Planning Agency is a consortium of the Chehalis, Squaxin Island, Skokomish, and Nisqually Indian Tribes."</subfield></datafield><datafield ind1=" " ind2=" " tag="530"><subfield code="a">Available on microfilm from the State Historical Society of Wisconsin.</subfield></datafield><datafield ind1=" " ind2="0" tag="650"><subfield code="a">Indians of North America</subfield><subfield code="z">Washington (State)</subfield><subfield code="v">Newspapers.</subfield></datafield><datafield ind1=" " ind2="7" tag="655"><subfield code="a">Newspapers.</subfield><subfield code="2">fast</subfield><subfield code="0">(OCoLC)fst01423814</subfield></datafield><datafield ind1=" " ind2="7" tag="650"><subfield code="a">Indians of North America.</subfield><subfield code="2">fast</subfield><subfield code="0">(OCoLC)fst00969633</subfield></datafield><datafield ind1=" " ind2="7" tag="651"><subfield code="a">Washington (State)</subfield><subfield code="2">fast</subfield><subfield code="0">(OCoLC)fst01204703</subfield></datafield><datafield ind1="2" ind2=" " tag="710"><subfield code="a">South Puget Intertribal Planning Agency.</subfield></datafield><datafield ind1=" " ind2=" " tag="752"><subfield code="a">United States</subfield><subfield code="b">Washington</subfield><subfield code="c">Mason</subfield><subfield code="d">Shelton.</subfield></datafield></record>